@online{anleitung,
  author = {TU Dortmund},
  title = {Versuchsanleitung zu Versuch 606},
  url = {http://129.217.224.2/HOMEPAGE/PHYSIKER/BACHELOR/AP/SKRIPT/V606.pdf},
  urldate = {2018-04-21}
}
@online{reaktion,
  author = {Spektrum},
  title = {Reaktionszeit},
  url = {https://www.spektrum.de/lexikon/psychologie/reaktionszeit/12540},
  urldate = {2018-04-21}
}
@online{schemadreh,
  author = {Pfeiffer-Vacuum},
  title = {Drehschiebervakuumpumpen},
  url = {https://www.pfeiffer-vacuum.com/de/know-how/vakuumerzeugung/drehschiebervakuumpumpen/},
  urldate = {2018-04-23}
}
@online{vakuum,
  author = {Pfeiffer-Vacuum},
  title = {Drehschiebervakuumpumpen},
  url = {https://www.pfeiffer-vacuum.com/de/know-how/einf-hrung-in-die-vakuumtechnik/grundlagen/str-mungsarten/},
  urldate = {2018-04-26}
}
@online{vakuum2,
  author = {Pfeiffer-Vacuum},
  title = {Drehschiebervakuumpumpen},
  url = {https://www.pfeiffer-vacuum.com/de/know-how/einf-hrung-in-die-vakuumtechnik/grundlagen/allgemeine-gasgleichung/},
  urldate = {2018-04-26}
}
