@online{anleitung,
  author = {TU Dortmund},
  title = {Versuchsanleitung zu Versuch 606},
  url = {http://129.217.224.2/HOMEPAGE/PHYSIKER/BACHELOR/AP/SKRIPT/V606.pdf},
  urldate = {2018-04-21}
}
@online{caesium,
  author = {environmental-studies.de},
  title = {Eigenschaften von Radioc√§sium und Kalium-40},
  url = {http://www.environmental-studies.de/Radiooekologie/caesium/Cs-137-radiocaesium.html},
  urldate = {2018-05-22}
}
@manual{koeff,
  url = {http://physics.nist.gov/PhysRefData/Xcom/html/xcom1.html},
  urldate={2018-05-31}
}
@online{effekte,
  author = {hu-Berlin.de},
  title = {Absorption von Strahlung},
  url = {http://pgd5.physik.hu-berlin.de/pgd/absorpt.htm},
  urldate = {2018-06-28}
}
