@online{anleitung,
  author = {TU Dortmund},
  title = {Versuchsanleitung zu Versuch 606},
  url = {http://129.217.224.2/HOMEPAGE/PHYSIKER/BACHELOR/AP/SKRIPT/V606.pdf},
  urldate = {2018-04-21}
}
@online{brechglas2,
  author = {nist.gov},
  title = {Inde of Refraction of Air},
  url = {https://emtoolbox.nist.gov/Wavelength/Ciddor.asp},
  urldate = {2018-05-23}
}
@online{brechglas,
  author = {chemie.de},
  title = {Brechzahl},
  url = {http://www.chemie.de/lexikon/Brechzahl.html},
  urldate = {2018-05-23}
}
