@online{anleitung,
  author = {TU Dortmund},
  title = {Versuchsanleitung zu Versuch 606},
  url = {http://129.217.224.2/HOMEPAGE/PHYSIKER/BACHELOR/AP/SKRIPT/V606.pdf},
  urldate = {2018-06-20}
}
@online{molaremassecu,
  author = {periodensystem.info},
  title = {Kupfer: Kenndaten},
  url = {http://www.periodensystem.info/elemente/kupfer/},
  urldate = {2018-06-20}
}
@online{debye,
  author = {knowledgedoor.com},
  title = {Copper},
  url = {http://www.knowledgedoor.com/2/elements_handbook/copper.html},
  urldate = {2018-06-21}
}
